<?xml version="1.0" encoding="UTF-8"?><record xmlns="http://www.loc.gov/MARC21/slim" xmlns:cinclude="http://apache.org/cocoon/include/1.0" xmlns:zs="http://www.loc.gov/zing/srw/">
  <leader>00410cz  a2200133n  4500</leader>
  <controlfield tag="001">n 2003080705</controlfield>
  <controlfield tag="003">DLC</controlfield>
  <controlfield tag="005">20050826160122.0</controlfield>
  <controlfield tag="008">030519n| acannaabn          |n aad      </controlfield>
  <datafield tag="010" ind1=" " ind2=" ">
    <subfield code="a">n 2003080705</subfield>
  </datafield>
  <datafield tag="040" ind1=" " ind2=" ">
    <subfield code="a">DLC</subfield>
    <subfield code="b">eng</subfield>
    <subfield code="c">DLC</subfield>
    <subfield code="d">DLC</subfield>
  </datafield>
  <datafield tag="100" ind1="1" ind2=" ">
    <subfield code="a">Robertson, Carter</subfield>
  </datafield>
  <datafield tag="670" ind1=" " ind2=" ">
    <subfield code="a">Greer, Bruce. He is good [SR] c1998</subfield>
    <subfield code="b">(Carter Robertson, conductor)</subfield>
  </datafield>
  <datafield tag="670" ind1=" " ind2=" ">
    <subfield code="a">U.S. copyright file, Aug. 26, 2005</subfield>
    <subfield code="b">(Robertson, Carter, 1954- )</subfield>
  </datafield>
</record>